<record><leader>00000cas a2200000 a 4500</leader><controlfield tag="001">12220562</controlfield><controlfield tag="008">850701d18711878iludn ne      0    0eng c</controlfield><datafield ind1=" " ind2=" " tag="010"><subfield code="a">sn 85033726 </subfield></datafield><datafield ind1=" " ind2=" " tag="040"><subfield code="a">NPU</subfield><subfield code="b">eng</subfield><subfield code="c">NPU</subfield><subfield code="d">NPY</subfield><subfield code="d">NVF</subfield><subfield code="d">OCLCQ</subfield><subfield code="d">OCLCF</subfield><subfield code="d">OCLCO</subfield></datafield><datafield ind1="1" ind2=" " tag="029"><subfield code="a">AU@</subfield><subfield code="b">000020379304</subfield></datafield><datafield ind1=" " ind2=" " tag="042"><subfield code="a">pcc</subfield></datafield><datafield ind1=" " ind2=" " tag="043"><subfield code="a">n-us-il</subfield></datafield><datafield ind1="0" ind2=" " tag="130"><subfield code="a">Bloomington pantagraph (Bloomington, Ill. : Daily)</subfield></datafield><datafield ind1="1" ind2="0" tag="245"><subfield code="a">Bloomington pantagraph.</subfield></datafield><datafield ind1=" " ind2=" " tag="260"><subfield code="a">Bloomington, Ill. :</subfield><subfield code="b">Pantagraph Co.,</subfield><subfield code="c">1871-1878.</subfield></datafield><datafield ind1=" " ind2=" " tag="300"><subfield code="a">v.</subfield></datafield><datafield ind1=" " ind2=" " tag="310"><subfield code="a">Daily (except Sunday)</subfield></datafield><datafield ind1="0" ind2=" " tag="362"><subfield code="a">Vol. 14, no. 276 (Feb. 1, 1871)-23rd year, no. 279 (Dec. 31, 1878).</subfield></datafield><datafield ind1=" " ind2="0" tag="651"><subfield code="a">Bloomington (Ill.)</subfield><subfield code="v">Newspapers.</subfield></datafield><datafield ind1=" " ind2="7" tag="655"><subfield code="a">Newspapers.</subfield><subfield code="2">fast</subfield><subfield code="0">(OCoLC)fst01423814</subfield></datafield><datafield ind1=" " ind2="7" tag="651"><subfield code="a">Illinois</subfield><subfield code="z">Bloomington.</subfield><subfield code="2">fast</subfield><subfield code="0">(OCoLC)fst01205022</subfield></datafield><datafield ind1=" " ind2=" " tag="752"><subfield code="a">United States</subfield><subfield code="b">Illinois</subfield><subfield code="c">McLean</subfield><subfield code="d">Bloomington.</subfield></datafield><datafield ind1="0" ind2=" " tag="775"><subfield code="t">Bloomington pantagraph (Bloomington, Ill. : Weekly)</subfield><subfield code="w">(DLC)sn 85033647</subfield><subfield code="w">(OCoLC)12147874</subfield></datafield><datafield ind1="0" ind2="0" tag="780"><subfield code="t">Bloomington daily pantagraph (Bloomington, Ill. : 1870)</subfield><subfield code="w">(DLC)sn 90054447</subfield><subfield code="w">(OCoLC)21125081</subfield></datafield><datafield ind1="0" ind2="0" tag="785"><subfield code="t">Bloomington daily pantagraph (Bloomington, Ill. : 1879)</subfield><subfield code="w">(DLC)sn 85033727</subfield><subfield code="w">(OCoLC)12220549</subfield></datafield></record>